% This file was created with JabRef 2.7.2.
% Encoding: Cp1252

@MISC{bell2007,
  author = {Bradley Bell},
  title = {{CppAD Documentation}},
  year = {2007},
  note = {\url{http://www.coin-or.org/CppAD/Doc/cppad.xml}}
}

@ARTICLE{fourer2005a,
  author = {R. Fourer and L. Lopes and K. Martin },
  title = {{LPFML: A W3C XML} Schema for Linear and Integer Programming},
  journal = {{INFORMS} Journal on Computing},
  year = {2005},
  volume = {17},
  pages = {139--158}
}

@MISC{dmg-25Sep2012,
  author = {David M. Gay},
  howpublished = {private email},
  date = {25 Sep 2012}
}

@BOOK{griewank2000,
  title = {Evaluating Derivatives:\ Principles and Techniques of Algorithmic
	Differentiation},
  publisher = {SIAM},
  year = {2000},
  author = {Andreas Griewank},
  address = {Philadelphia, PA}
}

@MISC{junma2005,
  author = {J. Ma},
  title = {Optimization {S}ervices {(OS)}, {A} {G}eneral {F}ramework for {O}ptimization
	{M}odeling {S}ystems},
  year = {2005},
  note = {Ph.D. Dissertation, Department of Industrial Engineering \& Management
	Sciences, Northwestern University, Evanston, IL}
}

@MISC{MPS-MOSEK,
  author = {{Mosek ApS}},
  title = {The {MOSEK Python API} manual. Version 6.0 (Revision 148)},
  howpublished = {http://docs.mosek.com/6.0/pyapi/node021.html},
  year = {2009},
  owner = {Guss},
  timestamp = {2013.10.28}
}

@BOOK{Perrin-MPS,
  title = {{Use of the linear programming facility of the IBM Mathematical Programming
	System (MPS/360) }},
  publisher = {{IBM, Inc.}},
  year = {1968},
  author = {Richard K. Perrin},
  owner = {Guss},
  timestamp = {2013.10.28}
}

@ARTICLE{ralphsgalatiMP,
  author = {T.K. Ralphs and M.V. Galati},
  title = {Decomposition and Dynamic Cut Generation in Integer Linear Programming},
  journal = {Mathematical Programming},
  year = {2005},
  volume = {106},
  pages = {261-285}
}

@ARTICLE{rosenbrock1960,
  author = {H.H. Rosenbrock},
  title = {An Automatic Method for Finding the Greatest or Least Value of a
	Function},
  journal = {Comp. J.},
  year = {1960},
  volume = {3},
  pages = {175-184}
}

@MANUAL{IBM-MPS-88,
  title = {{Mathematical programming system extended/370 (MPSX/370): Program
	reference manual}},
  organization = {International Business Machines Corporation},
  edition = {document number GH19-1090},
  year = {1988},
  owner = {Guss},
  timestamp = {2013.10.28}
}

@MANUAL{IBM-MPS-71,
  title = {{MPSX} -- {M}athematical programming system},
  organization = {{IBM, Inc.}},
  address = {New York},
  edition = {{Program Number 5734 XM4}},
  year = {1971},
  owner = {Guss},
  timestamp = {2013.10.28}
}

